<record><leader>00000cas a22000007a 4500</leader><controlfield tag="001">18236866</controlfield><controlfield tag="008">880719d18801882nyuwr ne      0    0eng d</controlfield><datafield ind1=" " ind2=" " tag="010"><subfield code="a">sn 88074627 </subfield></datafield><datafield ind1=" " ind2=" " tag="040"><subfield code="a">NYS</subfield><subfield code="b">eng</subfield><subfield code="c">NYS</subfield><subfield code="d">OCLCQ</subfield><subfield code="d">NYS</subfield><subfield code="d">OCLCQ</subfield></datafield><datafield ind1=" " ind2=" " tag="042"><subfield code="a">msc</subfield></datafield><datafield ind1="0" ind2="0" tag="245"><subfield code="a">Amsterdam weekly Democrat.</subfield></datafield><datafield ind1=" " ind2=" " tag="260"><subfield code="a">Amsterdam, N.Y. :</subfield><subfield code="b">Wm. J. Kline</subfield></datafield><datafield ind1=" " ind2=" " tag="300"><subfield code="a">v. :</subfield><subfield code="b">ill. ;</subfield><subfield code="c">68 cm.</subfield></datafield><datafield ind1=" " ind2=" " tag="310"><subfield code="a">Weekly</subfield></datafield><datafield ind1="0" ind2=" " tag="362"><subfield code="a">Vol. 10, no. 32 (May 6, 1880)-</subfield></datafield><datafield ind1="1" ind2=" " tag="362"><subfield code="a">Ceased in 1882.</subfield></datafield><datafield ind1=" " ind2="4" tag="651"><subfield code="a">Amsterdam (N.Y.)</subfield><subfield code="v">Newspapers.</subfield></datafield><datafield ind1=" " ind2=" " tag="752"><subfield code="a">United States</subfield><subfield code="b">New York</subfield><subfield code="c">Montgomery</subfield><subfield code="d">Amsterdam.</subfield></datafield><datafield ind1="0" ind2=" " tag="775"><subfield code="t">Amsterdam daily Democrat</subfield><subfield code="w">(DLC)sn 84031054</subfield></datafield><datafield ind1="0" ind2="7" tag="780"><subfield code="t">Amsterdam weekly Democrat and Broadalbin herald</subfield><subfield code="w">(DLC)sn 88074626</subfield><subfield code="w">(OCoLC)18236611</subfield></datafield><datafield ind1="0" ind2="0" tag="785"><subfield code="t">Amsterdam Democrat (Amsterdam, N.Y. : 1882)</subfield><subfield code="w">(DLC)sn 88074628</subfield><subfield code="w">(OCoLC)18288278</subfield></datafield><datafield ind1="1" ind2=" " tag="029"><subfield code="a">AU@</subfield><subfield code="b">000020517279</subfield></datafield></record>